<record><leader>00000cas a22000007a 4500</leader><controlfield tag="001">15794808</controlfield><controlfield tag="008">870601d191419uuiauwr ne      0    0eng d</controlfield><datafield ind1=" " ind2=" " tag="010"><subfield code="a">sn 87057178 </subfield></datafield><datafield ind1=" " ind2=" " tag="040"><subfield code="a">INP</subfield><subfield code="b">eng</subfield><subfield code="c">INP</subfield><subfield code="d">OCLCQ</subfield></datafield><datafield ind1=" " ind2=" " tag="042"><subfield code="a">msc</subfield></datafield><datafield ind1="0" ind2="0" tag="245"><subfield code="a">Hartford neighbor.</subfield></datafield><datafield ind1=" " ind2=" " tag="260"><subfield code="a">Hartford, Warren County, Iowa :</subfield><subfield code="b">W.C. North,</subfield><subfield code="c">1914-</subfield></datafield><datafield ind1=" " ind2=" " tag="300"><subfield code="a">v.</subfield></datafield><datafield ind1=" " ind2=" " tag="310"><subfield code="a">Weekly</subfield></datafield><datafield ind1="0" ind2=" " tag="362"><subfield code="a">Vol. 1, no. 1 (May 27, 1914)-</subfield></datafield><datafield ind1=" " ind2=" " tag="752"><subfield code="a">United States</subfield><subfield code="b">Iowa</subfield><subfield code="c">Warren</subfield><subfield code="d">Hartford.</subfield></datafield><datafield ind1=" " ind2=" " tag="752"><subfield code="a">United States</subfield><subfield code="b">Iowa</subfield><subfield code="c">Polk</subfield><subfield code="d">Runnells.</subfield></datafield><datafield ind1="0" ind2="0" tag="780"><subfield code="t">Four-county neighbor</subfield><subfield code="w">(DLC)sn 87057163</subfield></datafield></record>